@inproceedings{SchollerFranke2015,
	Author = {Anthea Sch\"{o}ller and Michael Franke},
	Booktitle = {Proceedings of {SALT} 45},
	Editor = {Sarah D'Antonio and Mary Moroney and Carol Rose Little},
	Pages = {143--162},
	Publisher = {elanguage.net},
	Title = {Semantic values as latent parameters: {S}urprising \emph{few} \& \emph{many}},
	Year = {2015}
  }
